@misc{llvm_org,
    title = {The LLVM Compiler Infrastructure},
    howpublished = {\url{https://llvm.org/}},
    note = {Accessed: 2019-10-30}
}

@misc{high_level_compilation,
    title = {Let's learn about the C program compilation process},
    howpublished = {\url{https://medium.com/@victormdnguyen/lets-learn-about-the-c-program-compilation-process-e42b5f928d7c}},
    note = {Accessed: 2019-10-31}
}

@misc{low_level_compilation,
    title = {Compiler Design -- Phases of Compiler},
    howpublished = {\url{https://www.tutorialspoint.com/compiler_design/compiler_design_phases_of_compiler.htm}},
    note = {Accessed: 2019-10-31}
}

@book{compilers,
    title = {Compilers: Principles, Techniques, \& Tools, Second Edition},
    author = {Aho, A.V. and Lam, M.S. and Sethi, R. and Ullman, J.D.},
    year = {2007},
    publisher = {Pearson Education, Inc.}
}

@misc{clang_ast,
    title = {Introduction to the Clang AST},
    howpublished = {\url{https://clang.llvm.org/docs/IntroductionToTheClangAST.html}},
    note = {Accessed: 2019-10-31}
}

@misc{ssa,
    title = {Static single assignment form},
    howpublished = {\url{https://en.wikipedia.org/wiki/Static_single_assignment_form}},
    note = {Accessed: 2019-10-31}
}

@misc{llvm_langref,
    title = {LLVM Language Reference Manual},
    howpublished = {\url{https://llvm.org/docs/LangRef.html}},
    note = {Accessed: 2019-10-31}
}

@article{See2017DevelopmentOL,
    title={Development of LLVM compilation toolchain for iot processor targeting wireless measurement applications},
    author={Jin-Chuan See and Wai-Kong Lee and Kai-Ming Mok and Hock-Guan Goh},
    journal={2017 IEEE 4th International Conference on Smart Instrumentation, Measurement and Application (ICSIMA)},
    year={2017},
    pages={1-4}
}

@misc{llvm_getting_started,
    title = {Getting Started with the LLVM System},
    howpublished = {\url{https://llvm.org/docs/GettingStarted.html}},
    note = {Accessed: 2019-10-28}
}

